@article{belward1999igbp,
  title={The IGBP-DIS global 1-km land-cover data set DISCover: A project overview.},
  author={Belward, Alan S and Estes, John E and Kline, Karen D},
  year={1999}
}

@article{zobler87802world,
  title={A world soil file for global climate modeling. 1986},
  author={Zobler, L},
  year={1986},
  journal={National Aeronautics and Space Administration, Goddard Space Flight Center, Institute for Space Studies, NASA Technical Memorandum},
  volume={87802},
  pages={32}
}

@article{yamada1983simulations,
  title={Simulations of nocturnal drainage flows by a q2l turbulence closure model},
  author={Yamada, T},
  journal={Journal of the Atmospheric Sciences},
  volume={40},
  number={1},
  pages={91--106},
  year={1983},
  publisher={American Meteorological Society}
}

@article{Budyko_1956,
  title={The heat balance of the earth's surface},
  author={Budyko},
  journal={},
  year={1956}
}

@article{Budyko_1974,
  title={Climate and Life. Academic Press, New York},
  author={Budyko, and Miller, DH},
  year={1974}
}

@article{monin1954osnovnye,
  title={Osnovnye zakonomernosti turbulentnogo peremeshivanija v prizemnom sloe atmosfery (Basic laws of turbulent mixing in the atmosphere near the ground)},
  author={Monin, AS and Obukhov, AM},
  journal={Trudy geofiz. inst. AN SSSR},
  volume={24},
  number={151},
  pages={163--187},
  year={1954}
}

@misc{aquastat_dams,
    author = {{FAO - Aquastat}},
    url={https://www.fao.org/aquastat/en/databases/dams},
    key = {Aquastat Geo-reference Database on Dams},
}

@dataset{gpcc_v2020,
    title={GPCC Climatology Version 2020 at 0.25°: Monthly Land-Surface Precipitation Climatology for Every Month and the Total Year from Rain-Gauges built on GTS-based and Historical Data},
    url={https://www.dwd.de/EN/ourservices/gpcc/gpcc.html},
    author={Rustemeier, Elke and Becker, Andreas and Finger, Peter and Schneider, Udo and Ziese, Markus},
    year={2020},
    doi={10.5676/DWD_GPCC/CLIM_M_V2020_025}
}

@article{sadourny_laval_1984,
    author = {R. Sadourny and K. Laval},
    title = {January and July performances of the LMD general circulation model},
    journal = {New perspectives in Climate Modeling edited by A. Berger and C. Nicolis, Elsevier, 173-197} ,
    year = {1984}
}


@phdthesis{Hourdin_phdthesis,
    title    = {Etude et simulation numerique de la circulation generale des atmospheres planetaires},
    school   = {Paris 7},
    author   = {Frédéric Hourdin},
    year     = {1992},
    url = {https://web.lmd.jussieu.fr/~hourdin/PUBLIS/these.pdf}
}

@phdthesis{de1999representation,
  title={Representation of soil-vegetationatmosphere interaction in the general circulation model of the Laboratoire de M{\'e}t{\'e}orologie Dynamique},
  author={De Rosnay, P},
  year={1999},
  school={Ph. D. thesis, Universit{\'e} de Paris VI}
}

@techreport{dufresne2009description,
  author    = {Dufresne, J. and Ghattas, J.},
  title     = {Description du sch\'ema de la couche limite turbulente et l’interface avec la surface plan\'etaire dans {LMDZ}},
  year      = {2009},
  type      = {Technical Report},
  institution = {Laboratoire de Météorologie Dynamique}
}

@techreport{skamarock2021description,
  author = {Skamarock, William C. and Klemp, Joseph B. and Dudhia, Jimy and Gill, David O. and Liu, Zhiquan and Berner, Judith and Wang, Wei and Powers, Jordan G. and Duda, Michael G. and Barker, Dale M. and Huang, Xiang-Yu},
  title = {A Description of the Advanced Research {WRF} Model Version 4.3},
  institution = {National Center for Atmospheric Research (NCAR)},
  year = {2021},
  number = {NCAR/TN-556+STR},
  address = {Boulder, Colorado, USA},
  url = {https://www2.mmm.ucar.edu/wrf/users/docs/technote/v4_technote.pdf},
}

@report{UNESCO2019,
  author = {{UNESCO World Water Assessment Programme}},
  title = {Leaving No One Behind: The United Nations World Water Development Report 2019},
  year = {2019},
  institution = {UNESCO},
  url = {https://unesdoc.unesco.org/ark:/48223/pf0000367306},
  urldate = {2025-09-22}
}

@misc{ICOLD2020,
    author = {{International Commission on Large Dams}},
    title = {World Register of Dams},
    year = {2020},
    howpublished = {International Commission on Large Dams},
    address = {Paris, France},
    url = {https://www.icold-cigb.org/},
    note = {Accessed: 2025-09-22}
}

@book{RN1,
   author = {IPCC},
   title = {Climate Change 2021: The Physical Science Basis. Contribution of Working Group I to the Sixth Assessment Report of the Intergovernmental Panel on Climate Change},
   publisher = {Cambridge University Press},
   address = {Cambridge, United Kingdom and New York, NY, USA},
   volume = {In Press},
   DOI = {10.1017/9781009157896},
   year = {2021},
   type = {Book}
}

@book{MITECO2022,
author = {{MITECO}},
title = {{Estrategia Nacional de Lucha contra la Desertificación}},
publisher = {Ministerio para la Transición Ecológica y el Reto Demográfico (MITECO)},
address = {Madrid},
year = {2022},
url = {https://www.miteco.gob.es/content/dam/miteco/es/biodiversidad/temas/desertificacion-restauracion/estrategia_nacional_lucha_desertificacion_web_2022_tcm30-542085.pdf},
}
@book{bjerknes1910,
author = {Bjerknes, V. and Sandstr{"{o}}m, J.W. and Hesselberg, T. and Devik, O.M.},
title = {{Dynamic Meteorology and Hydrography}},
publisher = {Carnegie Institution of Washington},
address = {Washington},
year = {1910},
}

@book{IPCC_1990_AR1_WG1,
author = {{Intergovernmental Panel on Climate Change}},
title = {{Climate Change: The IPCC Scientific Assessment. Report prepared for IPCC by Working Group I}},
publisher = {Cambridge University Press},
address = {Cambridge, United Kingdom},
year = {1990}
}

@book{IPCC_2023,
	author={IPCC}, 
	year={2023}, pages={3-32},
	place={Cambridge}, 
	title={Summary for Policymakers}, 
	publisher={Cambridge University Press}, 
	} 